% http://ito.mx/
% http://ito.mx/
@misc{BenitoDuranRomo,
  author = {Benito Duran Romo},
  title = {Ninis: factores determinantes},
  institution ={INEGI},
  volume = {8},
  number = {3},
  year = {2017},
  urldate = {2019-07-07},
  url = {http://ito.mx/LrW7 }
 }
 
@misc{OECD1,
  author = {OECD},
  title = {OECD, Youth not in employment, education or training (NEET)},
  institution ={Organisation for Economic Co-operation and Developmen (OECD)},
  year = {2018},
  urldate = {2019-07-07},
  url = { http://ito.mx/LrWa }
 }
 
 @misc{OECD2,
  author = {OECD},
  title = {OECD, Organización para la Cooperación y el Desarrollo Econ\'omicos},
 institution ={Organisation for Economic Co-operation and Developmen (OECD)},
  year = {2018},
  urldate = {2019-07-08},
  url = { http://ito.mx/LrWd }
 }

@misc{Parametria,
author = {Parametr{\'i}a},
title = {	
Ni estudian, ni trabajan, "ni nos preocupan" Panorama de los ninis en México},
  abstract = {En México, la mayoría de los jóvenes no va a la universidad y casi la mitad no lo hace por falta de recursos económicos.},
   year = {2013},
  urldate = {2019-07-09},
  url = {http://ito.mx/LrWf }
}

@misc{JEB,
  author = {Jos{\'e} Escobedo Borunda},
  title = {Juventud lapidada: el caso de los ninis},
  journal = {Nóesis. Revista de Ciencias Sociales y Humanidades},
  year = {2015},
  pages = {120-143}
 }
 
 @misc{OCC,
  author = {OCCMUNDIAL},
  title = {{OCCMUNDIAL, Blog}},
  journal = {Nóesis. Revista de Ciencias Sociales y Humanidades},
  year = {2018},
  urldate = {2018-11-13},
  url = {http://ito.mx/LrWh}
  
 }
 
@misc{Forbes_Universidad,
  title = {8 de cada 10 jóvenes en México no van a la universidad},
  url = {http://ito.mx/LrW0},
  abstract = {En México, la mayoría de los jóvenes no va a la universidad y casi la mitad no lo hace por falta de recursos económicos.},
  urldate = {2019-07-09},
  journal = {Forbes México},
  author = {{Forbes Staff}},
  month = Jun,
  year = {2016}
}

@misc{Forbes_Gasto_Educacion,
  title = {Gasto en educación universitaria no es prioridad para el gobierno},
  url = {http://ito.mx/LrW1},
  abstract = {Mientras el gobierno de México destina 97.2\% del gasto federalizado de educación al nivel básico, sólo 0.9\% del total va para educación superior, según el Centro de Investigación Económica y Presupuestaria.
},
  urldate = {2019-06-09},
  journal = {Forbes México},
  author = {Celis, Fernanda},
  month = Jun,
  year = {2016}
}


@misc{BIS_Colombia,
  title = {La apuesta colombiana para emplear a sus jóvenes},
  url = { http://ito.mx/Lwt0},
  abstract = {},
  urldate = {2019-06-09},
  journal = {Banco Interamericano de Desarrollo},
  author = {BID, },
  year = {2018}
}

@misc{OCC_Busqueda,
  title = {OCC Mundial "Busqueda de empleo"},
  url = {https://www.occ.com.mx/},
  abstract = {},
  urldate = {2019-06-09},
  journal = {OCC Mundial},
  author = {{OCC Mundial} },
  year = {2019}
}


@misc{OCC_Blog,
  title = {OCC Mundial "Blog"},
  url = {https://www.occ.com.mx/},
  abstract = {},
  urldate = {2019-06-09},
  journal = {OCC Mundial},
  author = {{OCC Mundial}},
  year = {2019}
}


@misc{JCF,
  title = {Jóvenes Construyendo el Futuro},
  url = {http://ito.mx/Ls0M},
  abstract = {},
  urldate = {2019-06-09},
  author = {{Gobierno de México }},
  year = {2019}
}


@ARTICLE{DMMDPWPRC,
  title = {Development of a mathematical model to determine the profile worker profession in railway company},
  author = {Anton Zavyalov and Vladimir Aksenov and Elena Volkova and Alexey solodkov and Aleksander askakov},
  location = {Moscú, Rusia},
  journal = {{Russian University of Transport}},
  year = {2018}
}

@misc{def_INFO,
  title = {Información},
  url = {http://ito.mx/Lwt1},
  abstract = {},
  urldate = {2019-06-20},
  journal = {LA ENCICLOPEDIA DE CIENCIAS Y TECNOLOGÍAS EN ARGENTINA},
  author = {ECYT-AR, },
  year = {2019},
}


@misc{CAM_SYSTEM,
  title = {System},
  url = {http://ito.mx/Lwt2},
  abstract = {},
  urldate = {2019-06-20},
  journal = {Cambridge Dictionary},
  author = {Cambridge, },
  year = {2019},
}

@misc{ITSOM_SI,
  title = {Introducción a los sistemas de información},
  url = {http://ito.mx/Lwt3},
  abstract = {},
  urldate = {2019-06-20},
  journal = {ITSOM},
  author = {ITSOM, },
  year = {2004}
}
@misc{PICSY,
  title = {Personal Information Categorizing System with an Associative Memory Model},
  author = {Toshiki Kindo and Hideyuki Yoshida and Makoto Hirahara},
  year = {1999},
  location = {Tokio, Japón},
  journal = {Matsushita Research Institute Tokyo, Ink},
}
@misc{PICSY2,
  title = {Personalized information delivery: an analysis of information filtering methods},
  author = { P. W Foltz and  S.T Dumais},
  year = {1992},
  location = {},
  journal = {Communications of the ACM},
}
@misc{PICSY3, 
  title = {Adaptative personal information filtering system that organizes personal profiles automatically.},
  author = { T. Kindo and   H. Yoshida and  T. Morimoto and  T. Watanabe},
  year = {1997},
  location = {Proceding of the 15th international conference on artificial intelligence},
}

@misc{SIG, 
  title = {Sistemas de información geográfica},
  author = {{Servicio Geológico Mexicano,SGM}},
  url = { http://ito.mx/Lwt4},
  urldate = {2019-06-25},
  year = {2017}
}

@misc{Func_SIG, 
  title = {Sistemas de información geográfica},
  author = {Olaya,Víctor},
  url = {http://ito.mx/Lwt5},
  urldate = {2019-06-25},
  year = {2018}
}

%INEGI

@misc{INEGI, 
  title = { Ninis: factores determinantes},
  journal = { Realidad, Datos y Espacio Revista Internacional de Estadística y Geografía},
  author = {Bernardo Duran Romero INEGI},
  url = {http://ito.mx/LyHD },
  urldate = {2018-09-27},
  year = {2017}
}

%%------------PERSONAS-------

@misc{Personas_1, 
  title = {Persona},
  author = {{Diccionario del Español de México}},
  year = {2019},
  url = {https://dem.colmex.mx/},
}

@misc{Personas_DP, 
  title = {¿Qué son los datos personales?},
  author = {{Instituto de Transparencia Acceso a la Información Pública Protección de Datos Personales y Rendición de Cuentas de la Ciudad de México}},
  year = {2008},
  url = {http://ito.mx/Lwt6},
}
@misc{Personas_Normatividad, 
  title = {Ley Federal de Protección de Datos Personales en Posesión de los Particulares},
  author = { {  Camara de Diputados Del H. Congreso de la Unión}},
  url = { http://ito.mx/Lwt8 },
  urldate = {2019-08-14},
  year = {2010}
}
% https://www.sat.gob.mx/consulta/09788/emprendedor-conoce-los-regimenes-fiscales
@misc{SAT-FISCALES, 
  title = {Emprendedor conoce los regimenes fiscales},
  author = { {SAT}},
  url = { http://ito.mx/LC0W},
  urldate = {2019-08-14},
  year = {2018}
}
%https://www.santanderpyme.com.mx/detalle-noticia/personas-fisicas-o-morales-sabes-a-cual-perteneces.html
@misc{SANTANDER-PERSONAS, 
  title = {Personas físicas o morales},
  author = { {Santander México}},
  url = {http://ito.mx/LC0U},
  urldate = {2019-08-14},
  year = {2018}
}
%$http://omawww.sat.gob.mx/DerechosyObligaciones/Paginas/obligaciones_contribuyentes.htm$}
@misc{SAT-OBLIGACIONES, 
  title = {Obligaciones de los contribuyentes},
  author = { {SAT}},
  url = { http://ito.mx/LC0Q},
  urldate = {2019-08-14},
  year = {2018}
}
%http://omawww.sat.gob.mx/DerechosyObligaciones/Paginas/obligaciones_contribuyentes.htm},

@misc{STPS-PC, 
  title = {Elaboración de programas de capacitación},
  author = { {SAT}},
  url = { http://ito.mx/LC0S},
  urldate = {2019-08-14},
  year = {2018}
}

@misc{CFF, 
  title = {CÓDIGO FISCAL DE LA FEDERACIÓN {CFF}},
  author = { {El Congreso de los Estados Unidos Mexicanos}},
  url = { http://www.hacienda.gob.mx/LASHCP/MarcoJuridico/MarcoJuridicoGlobal/Leyes/91_cff.pdf},
  urldate = {2019-09-14},
  year = {1981}

}

@misc{SATP, 
  title = {Orientación - ¿Cuál es la diferencia entre persona física y persona moral?},
  author = { {SAT}},
  url = { https://www.sat.gob.mx/consulta/09788/emprendedor-conoce-los-regimenes-fiscales},
  urldate = {2019-08-14},
  year = {2019}
}

@misc{SAT-AE, 
  title = {Catálogo de actividades económicas. - SAT},
  author = { {SAT}},
  url = { https://www.sat.gob.mx },
  urldate = {2019-08-16},
  year = {2019}
}

@misc{JCF-AE, 
  title = {Actividad o giro de la empresa},
  author = {{Gobierno de Mexico}},
  url = { https://jovenesconstruyendoelfuturo.stps.gob.mx/empresa},
  urldate = {2019-08-16},
  year = {2019}
}

@misc{GE, 
  title = {Catálogo de Nivel de escolaridad},
  author = {  {Secretaría de la Función Pública}},
  url = { www.usp.funcionpublica.gob.mx },
  urldate = {2019-08-20},
  year = {2019}
}

@misc{DIS, 
  title = {Clasificación Internacional del Funcionamiento, de la Discapacidad y de la Salud (CIF)},
  author = {  {Secretaria de Salud - Dirección General de Información en Salud.}},
  url = { http://www.dgis.salud.gob.mx/contenidos/intercambio/discapacidad_gobmx.html },
  urldate = {2019-08-22},
  year = {2017}
}
%https://www.gob.mx/cms/uploads/attachment/file/160973/Elaboracion_de_programas_de_capacitaci_n_Anexo_1_250_1.pdf%},
%====================Analisisi==========
@misc{SG,
  author = { {Secretaría de Gobernación}},
  title = {Consulta la CURP},
  institution ={{Secretaría de Gobernación}},
  year = {2019},
  urldate = {2019-07-08},
  url = { http://ito.mx/LGiH }
 }
 
 @misc{NSS,
  author = { {Número de Seguro Social}},
  title = {¿Qué es el número de seguro social?},
  institution ={{Gobierno Federal}},
  year = {2019},
  urldate = {2019-07-08},
  url = {  http://ito.mx/LGjB  }
 }
  @misc{CP,
  author = { {Servicio Postal Mexicano
    l}},
  title = {Descarga de Códigos Postales - Descripción},
  institution ={{Gobierno Federal}},
  year = {2019},
  urldate = {2019-07-12},
  url = {  http://ito.mx/LGjU}
 }
  @misc{RFC,
  author = { {Estado Federal}},
  title = {Mi RFC},
  institution ={{ Estado Federal}},
  year = {2019},
  urldate = {2019-08-24},
  url = {  https://www.mi-rfc.com.mx/}
 }
 

   @book{Req,
  author = { Ian Sommerville},
  title = {Ingeniería del software},
  institution ={Universidad de Alicante,
  year = {2005},
  
 edition = {7},
 publisher={Pearson Educación}
  url = {  http://ito.mx/LGSm}
 }
 

   @misc{statcounter,
  author = { {StatCounter}},
  title = {Browser Market Share Worldwide},
  institution ={{ StatCounter}},
  year = {2019},
  urldate = {2019-11-13},
  url = {  https://gs.statcounter.com/}
 }
 
 
   @misc{contra,
  author = { {Gobiernos de México}},
  title = {Tips de seguridad para generar contraseñas seguras},
  institution ={{ Gobierno de México}},
  year = {2019},
  urldate = {2019-11-13},
  url = {  https://www.gob.mx/identidad/articulos/contrasena-segura}
 }
 %https://www.gob.mx/identidad/articulos/contrasena-segura
    @misc{NO,
  author = { {Unidad Municipal De Información}},
  title = {REGLAMENTO DEL ORDENAMIENTO TERRITORIAL
DE LOS ASENTAMIENTOS HUMANOS Y DESARROLLO URBANO
DEL MUNICIPIO DE NAUCALPAN DE JUÁREZ, MÉXICO.},
  institution ={{ Gobierno de Naucalpan de Júarez}},
  year = {2009},
  urldate = {2019-11-13},
  url = {  http://ito.mx/LGUk}
 }
 %http://ordenjuridico.gob.mx/Documentos/Eliminados/wo29525.pdf